@article{martinot2025mathematical,
  title={Mathematical gender gap emerges within months of school entry},
  author={Martinot, Delphine and Bellocchi, Stefano and Andres, Michael},
  journal={Nature},
  volume={625},
  number={7992},
  pages={123--128},
  year={2025},
  publisher={Nature Publishing Group}
}

@article{spencer1999stereotype,
  title={Stereotype threat and women's math performance},
  author={Spencer, Steven J and Steele, Claude M and Quinn, Diane M},
  journal={Journal of Experimental Social Psychology},
  volume={35},
  number={1},
  pages={4--28},
  year={1999},
  publisher={Elsevier}
}

@article{schmader2008threat,
  title={An integrated process model of stereotype threat effects on performance},
  author={Schmader, Toni and Johns, Michael and Forbes, Chad},
  journal={Psychological Review},
  volume={115},
  number={2},
  pages={336--356},
  year={2008},
  publisher={American Psychological Association}
}

@article{guiso2008culture,
  title={Culture, gender, and math},
  author={Guiso, Luigi and Monte, Ferdinando and Sapienza, Paola and Zingales, Luigi},
  journal={Science},
  volume={320},
  number={5880},
  pages={1164--1165},
  year={2008},
  publisher={American Association for the Advancement of Science}
}

@article{else2010cross,
  title={Cross-national patterns of gender differences in mathematics: a meta-analysis},
  author={Else-Quest, Nicole M and Hyde, Janet Shibley and Linn, Marcia C},
  journal={Psychological Bulletin},
  volume={136},
  number={1},
  pages={103--127},
  year={2010},
  publisher={American Psychological Association}
}

@article{kersey2019no,
  title={No intrinsic gender differences in children's earliest numerical abilities},
  author={Kersey, Alyssa J and Csumitta, Kristyn D and Cantlon, Jessica F},
  journal={NPJ Science of Learning},
  volume={4},
  number={1},
  pages={1--10},
  year={2019},
  publisher={Nature Publishing Group}
}

@article{mullis2020timss,
  title={TIMSS 2019 International Results in Mathematics and Science},
  author={Mullis, Ina VS and Martin, Michael O and Foy, Pierre and Kelly, Dana L and Fishbein, Barry},
  journal={TIMSS \& PIRLS International Study Center, Boston College},
  year={2020}
}

@article{tatsuno2022development,
  title={Development of gender stereotypes about intellectual ability in Japanese children},
  author={Tatsuno, Yuki and Sugimura, Kazumi and Mizokami, Shinichi},
  journal={Developmental Psychology},
  volume={58},
  number={4},
  pages={724--735},
  year={2022},
  publisher={American Psychological Association}
}

@article{poldrack2020establishment,
  title={Establishment of best practices for evidence for prediction: a review},
  author={Poldrack, Russell A and Huckins, Jeremy and Varoquaux, Ga{\"e}l},
  journal={JAMA Psychiatry},
  volume={77},
  number={5},
  pages={534--540},
  year={2020},
  publisher={American Medical Association}
}

@article{hyde2005gender,
  title={The gender similarities hypothesis},
  author={Hyde, Janet Shibley},
  journal={American Psychologist},
  volume={60},
  number={6},
  pages={581--592},
  year={2005},
  publisher={American Psychological Association}
}

@article{gur2017sex,
  title={Sex differences in brain and behavior in adolescence: findings from the Philadelphia Neurodevelopmental Cohort},
  author={Gur, Ruben C and Richard, Josiane and Calkins, Monica E and Chiavacci, Rosetta and Hansen, Jared A and Bilker, Warren B and Loughead, James and Connolly, John J and Qiu, Haijun and Mentch, Frank D and others},
  journal={Neuroscience \& Biobehavioral Reviews},
  volume={70},
  pages={159--170},
  year={2017},
  publisher={Elsevier}
}

@article{yuan2008gender,
  title={Gender differences in behavioral and neural correlates of working memory},
  author={Yuan, Ping and Raz, Naftali},
  journal={Cerebral Cortex},
  volume={18},
  number={11},
  pages={2542--2552},
  year={2008},
  publisher={Oxford University Press}
}

@article{spelke2005sex,
  title={Sex differences in intrinsic aptitude for mathematics and science?: a critical review},
  author={Spelke, Elizabeth S},
  journal={American Psychologist},
  volume={60},
  number={9},
  pages={950--958},
  year={2005},
  publisher={American Psychological Association}
}

@article{koscik2009sex,
  title={Sex differences in parietal lobe morphology: relationship to mental rotation performance},
  author={Koscik, Timothy and O'Leary, Daniel and Moser, David J and Andreasen, Nancy C and Nopoulos, Peg},
  journal={Brain and Cognition},
  volume={69},
  number={3},
  pages={451--459},
  year={2009},
  publisher={Elsevier}
}

@article{grossman2006brain,
  title={Brain areas involved in perception of biological motion},
  author={Grossman, Emily D and Blake, Randolph},
  journal={Journal of Cognitive Neuroscience},
  volume={18},
  number={11},
  pages={1820--1837},
  year={2006},
  publisher={MIT Press}
}

@article{ansari2019mathematical,
  title={Mathematical cognition and the brain},
  author={Ansari, Daniel},
  journal={Current Directions in Psychological Science},
  volume={28},
  number={4},
  pages={249--255},
  year={2019},
  publisher={SAGE Publications}
}

@article{arsalidou2011brain,
  title={Is 2+ 2= 4? Meta-analyses of brain areas needed for numbers and calculations},
  author={Arsalidou, Marie and Taylor, Margot J},
  journal={NeuroImage},
  volume={54},
  number={3},
  pages={2382--2393},
  year={2011},
  publisher={Elsevier}
}

@article{menon2016memory,
  title={Memory and cognitive control circuits in mathematical cognition and learning},
  author={Menon, Vinod},
  journal={Progress in Brain Research},
  volume={227},
  pages={159--186},
  year={2016},
  publisher={Elsevier}
}

@article{price2013impaired,
  title={Impaired parietal magnitude processing in developmental dyscalculia},
  author={Price, Gavin R and Holloway, Ian and R{\"a}s{\"a}nen, Pekka and Vesterinen, Minna and Ansari, Daniel},
  journal={Current Biology},
  volume={23},
  number={12},
  pages={1065--1069},
  year={2013},
  publisher={Elsevier}
}

@article{vanbeek2017sex,
  title={Sex differences in the neural correlates of spatial working memory: an fMRI meta-analysis},
  author={van Beek, Lisanne and Ghesqui{\`e}re, Pol and Lagae, Lieven and De Smedt, Bert},
  journal={Neuropsychologia},
  volume={106},
  pages={199--212},
  year={2017},
  publisher={Elsevier}
}

@article{lindberg2010new,
  title={New trends in gender and mathematics performance: a meta-analysis},
  author={Lindberg, Sara M and Hyde, Janet Shibley and Petersen, Jennifer L and Linn, Marcia C},
  journal={Psychological Bulletin},
  volume={136},
  number={6},
  pages={1123--1135},
  year={2010},
  publisher={American Psychological Association}
}

@article{mizuhara2004human,
  title={Human cortical circuits for central executive function emerge by theta phase synchronization},
  author={Mizuhara, Hiroaki and Wang, Li-Qun and Kobayashi, Kensuke and Yamaguchi, Yoko},
  journal={NeuroImage},
  volume={21},
  number={4},
  pages={1472--1479},
  year={2004},
  publisher={Elsevier}
}

@article{canolty2006high,
  title={High gamma power is phase-locked to theta oscillations in human neocortex},
  author={Canolty, Ryan T and Edwards, Erik and Dalal, Sarang S and Soltani, Maryam and Nagarajan, Srikantan S and Kirsch, Heidi E and Berger, Mitchell S and Barbaro, Nicholas M and Knight, Robert T},
  journal={Science},
  volume={313},
  number={5793},
  pages={1626--1628},
  year={2006},
  publisher={American Association for the Advancement of Science}
}

@article{lachaux1999measuring,
  title={Measuring phase synchrony in brain signals},
  author={Lachaux, Jean-Philippe and Rodriguez, Eugenio and Martinerie, Jacques and Varela, Francisco J},
  journal={Human Brain Mapping},
  volume={8},
  number={4},
  pages={194--208},
  year={1999},
  publisher={Wiley Online Library}
}

@article{torrence1998practical,
  title={A practical guide to wavelet analysis},
  author={Torrence, Christopher and Compo, Gilbert P},
  journal={Bulletin of the American Meteorological Society},
  volume={79},
  number={1},
  pages={61--78},
  year={1998},
  publisher={American Meteorological Society}
}

@article{grinsted2004application,
  title={Application of the cross wavelet transform and wavelet coherence to geophysical time series},
  author={Grinsted, Aslak and Moore, John C and Jevrejeva, Svetlana},
  journal={Nonlinear Processes in Geophysics},
  volume={11},
  number={5/6},
  pages={561--566},
  year={2004},
  publisher={Copernicus GmbH}
}

@article{addante2011prestimulus,
  title={Prestimulus theta activity predicts correct source memory retrieval},
  author={Addante, Richard James and Watrous, Andrew J and Yonelinas, Andrew P and Ekstrom, Arne D and Ranganath, Charan},
  journal={Proceedings of the National Academy of Sciences},
  volume={108},
  number={26},
  pages={10702--10707},
  year={2011},
  publisher={National Acad Sciences}
}

@article{cohen2014analyzing,
  title={Analyzing neural time series data: theory and practice},
  author={Cohen, Michael X},
  year={2014},
  publisher={MIT press}
}

@article{buzsaki2006rhythms,
  title={Rhythms of the Brain},
  author={Buzs{\'a}ki, Gy{\"o}rgy},
  year={2006},
  publisher={Oxford University Press}
}

@article{ward2003synchronous,
  title={Synchronous neural oscillations and cognitive processes},
  author={Ward, Lawrence M},
  journal={Trends in Cognitive Sciences},
  volume={7},
  number={12},
  pages={553--559},
  year={2003},
  publisher={Elsevier}
}

@article{varela2001brainweb,
  title={The brainweb: phase synchronization and large-scale integration},
  author={Varela, Francisco J and Lachaux, Jean-Philippe and Rodriguez, Eugenio and Martinerie, Jacques},
  journal={Nature Reviews Neuroscience},
  volume={2},
  number={4},
  pages={229--239},
  year={2001},
  publisher={Nature Publishing Group}
}

@article{fries2005mechanism,
  title={A mechanism for cognitive dynamics: neuronal communication through neuronal coherence},
  author={Fries, Pascal},
  journal={Trends in Cognitive Sciences},
  volume={9},
  number={10},
  pages={474--480},
  year={2005},
  publisher={Elsevier}
}

@article{dehaene2003three,
  title={Three parietal circuits for number processing},
  author={Dehaene, Stanislas and Piazza, Manuela and Pinel, Philippe and Cohen, Laurent},
  journal={Cognitive Neuropsychology},
  volume={20},
  number={3-6},
  pages={487--506},
  year={2003},
  publisher={Taylor \& Francis}
}

@article{nieder2016neural,
  title={The neural code for number},
  author={Nieder, Andreas},
  journal={Nature Reviews Neuroscience},
  volume={17},
  number={6},
  pages={366--382},
  year={2016},
  publisher={Nature Publishing Group}
}

@article{grabner2013individual,
  title={Individual differences in mathematical competence predict parietal brain activation during mental calculation},
  author={Grabner, Roland H and Ansari, Daniel and K{\"o}nen, Tanja and Koschutnig, Karl and Schneider, Michael and Strohmaier, Alois},
  journal={NeuroImage},
  volume={38},
  number={2},
  pages={1187--1197},
  year={2013},
  publisher={Elsevier}
}

@article{rotzer2008optimized,
  title={Optimized voxel-based morphometry in children with developmental dyscalculia},
  author={R{\"o}tzer, Stephanie and Kucian, Karin and Martin, Ernst and von Aster, Michael and Klaver, Peter and Loenneker, Thomas},
  journal={NeuroImage},
  volume={39},
  number={1},
  pages={417--422},
  year={2008},
  publisher={Elsevier}
}

@article{zamarian2009neuroscience,
  title={Neuroscience of learning arithmetic—evidence from brain imaging studies},
  author={Zamarian, Laura and Ischebeck, Anja and Delazer, Margarete},
  journal={Neuroscience \& Biobehavioral Reviews},
  volume={33},
  number={6},
  pages={909--925},
  year={2009},
  publisher={Elsevier}
}

@book{lakoff2000where,
  title={Where mathematics comes from: How the embodied mind brings mathematics into being},
  author={Lakoff, George and N{\'u}{\~n}ez, Rafael E},
  year={2000},
  publisher={Basic books}
}

@article{butterworth2005developmental,
  title={Developmental dyscalculia},
  author={Butterworth, Brian},
  journal={The Handbook of Mathematical Cognition},
  pages={455--467},
  year={2005},
  publisher={Psychology Press}
}
